@inproceedings{liao2019innerproduct,
  title={Inner-product Kernels are Asymptotically Equivalent to Binary Discrete Kernels},
  author={\textbf{Liao}, \textbf{Zhenyu} and Couillet, Romain},
  booktitle={(submitted to) The 33rd Conference on Neural Information Processing Systems (NeurIPS'19)},
  year={2019}
}

@inproceedings{mai2019large,
  title={A Large Scale Analysis of Logistic Regression: Asymptotic Performance and New Insights},
  author={Mai, Xiaoyi and \textbf{Liao}, \textbf{Zhenyu} and Couillet, Romain},
  booktitle={2019 IEEE International Conference on Acoustics, Speech and Signal Processing (ICASSP'19)},
  pages={3357--3361},
  year={2019},
  month={May},
  doi={10.1109/ICASSP.2019.8683376}, 
  ISSN={2379-190X}, 
  organization={IEEE}
}

@inproceedings{couillet2018classification,
  title={Classification Asymptotics in the Random Matrix Regime},
  author={Couillet, Romain and \textbf{Liao}, \textbf{Zhenyu} and Mai, Xiaoyi},
  booktitle={2018 The 26th European Signal Processing Conference (EUSIPCO'18)},
  pages={1875--1879},
  year={2018},
  month={September},
  doi={10.23919/EUSIPCO.2018.8553034}, 
  ISSN={2076-1465}, 
  organization={IEEE}
}

@inproceedings{liao2018dynamics,
  title={The Dynamics of Learning: A Random Matrix Approach},
  author={\textbf{Liao}, \textbf{Zhenyu} and Couillet, Romain},
  booktitle={Proceedings of the 35th International Conference on Machine Learning (ICML'18)},
  pages={3072--3081},
  year ={2018},
  volume={80},
  month={July},
  url={http://proceedings.mlr.press/v80/liao18b.html},
  publisher={PMLR}
}

@inproceedings{liao2018spectrum,
  title={On the Spectrum of Random Features Maps of High Dimensional Data},
  author={\textbf{Liao}, \textbf{Zhenyu} and Couillet, Romain},
  booktitle={Proceedings of the 35th International Conference on Machine Learning (ICML'18)},
  pages={3063--3071},
  year ={2018},
  volume={80},
  month={July},
  url={http://proceedings.mlr.press/v80/liao18a.html},
  publisher={PMLR}
}

@inproceedings{liao2017random,
  title={Random Matrices Meet Machine Learning: A Large Dimensional Analysis of LS-SVM},
  author={\textbf{Liao}, \textbf{Zhenyu} and Couillet, Romain},
  booktitle={2017 IEEE International Conference on Acoustics, Speech and Signal Processing (ICASSP'17)},
  pages={2397--2401},
  year={2017},
  month={March},
  doi={10.1109/ICASSP.2017.7952586}, 
  ISSN={2379-190X}, 
  organization={IEEE}
}

### Journals
@article{mai2019empirical,
  title={High Dimensional Classification via Empirical Risk Minimization: Improvements and Optimality},
  author={Mai, Xiaoyi and \textbf{Liao}, \textbf{Zhenyu}}, 
  journal={(submitted to) IEEE Transactions on Signal Processing},
  year={2019},
  url={https://arxiv.org/abs/1905.13742}
}

@article{chitour2019geometric,
  title={A Geometric Approach of Gradient Descent Algorithms in Neural Networks},
  author={Chitour, Yacine and \textbf{Liao}, \textbf{Zhenyu} and Couillet, Romain},
  journal={(submitted to) Journal of Differential Equations},
  year={2019},
  url={https://arxiv.org/abs/1811.03568}
}

@article{liao2019large,
  title={A Large Dimensional Analysis of Least Squares Support Vector Machines},
  author={\textbf{Liao}, \textbf{Zhenyu} and Couillet, Romain},
  journal={IEEE Transactions on Signal Processing},
  volume={67},
  number={4},
  pages={1065--1074},
  year={2019},
  month={February},
  doi={10.1109/TSP.2018.2889954}, 
  ISSN={1053-587X}, 
  publisher={IEEE}
}

@article{louart2018random,
  title={A Random Matrix Approach to Neural Networks},
  author={Louart, Cosme and \textbf{Liao}, \textbf{Zhenyu} and Couillet, Romain},
  journal={The Annals of Applied Probability},
  volume={28},
  number={2},
  pages={1190--1248},
  year={2018},
  month={April},
  doi = {10.1214/17-AAP1328},
  url = {https://doi.org/10.1214/17-AAP1328},
  publisher={Institute of Mathematical Statistics}
}