@article{liao2019large,
  title={A Large Dimensional Analysis of Least Squares Support Vector Machines},
  author={Liao, Zhenyu and Couillet, Romain},
  journal={IEEE Transactions on Signal Processing},
  volume={67},
  number={4},
  pages={1065--1074},
  year={2019}
}

@inproceedings{liao2017random,
  title={Random Matrices Meet Machine Learning: A Large Dimensional Analysis of LS-SVM},
  author={Liao, Zhenyu and Couillet, Romain},
  booktitle={Acoustics, Speech and Signal Processing (ICASSP), 2017 IEEE International Conference on},
  pages={2397--2401},
  year={2017},
  organization={IEEE}
}

@inproceedings{liao2018dynamics,
  title={The Dynamics of Learning: A Random Matrix Approach},
  author={Liao, Zhenyu and Couillet, Romain},
  booktitle={Proceedings of the 35th International Conference on Machine Learning},
  volume={80},
  pages={3072--3081},
  year={2018}
}

@inproceedings{liao2018spectrum,
  title={On the Spectrum of Random Features Maps of High Dimensional Data},
  author={Liao, Zhenyu and Couillet, Romain},
  booktitle={Proceedings of the 35th International Conference on Machine Learning},
  volume={80},
  pages={3063--3071},
  year={2018}
}

@article{louart2018random,
  title={A Random Matrix Approach to Neural Networks},
  author={Louart, Cosme and Liao, Zhenyu and Couillet, Romain},
  journal={The Annals of Applied Probability},
  volume={28},
  number={2},
  pages={1190--1248},
  year={2018},
  publisher={Institute of Mathematical Statistics}
}

@inproceedings{couillet2018classification,
  title={Classification Asymptotics in the Random Matrix Regime},
  author={Couillet, Romain and Liao, Zhenyu and Mai, Xiaoyi},
  booktitle={26th European Signal Processing Conference (EUSIPCO)},
  pages={1875--1879},
  year={2018}
}

@article{chitour2018geometric,
  title={A Geometric Approach of Gradient Descent Algorithms in Neural Networks},
  author={Chitour, Yacine and Liao, Zhenyu and Couillet, Romain},
  journal={arXiv preprint arXiv:1811.03568},
  year={2018}
}